@article{smith2024,
  author       = {John Smith and Jane Doe},
  title        = {A Comprehensive Study on Machine Learning Techniques},
  journal      = {Journal of Artificial Intelligence Research},
  year         = {2024},
  volume       = {56},
  number       = {3},
  pages        = {235--256},
  doi          = {10.1234/jair.2024.56.3.235},
  publisher    = {AI Research Press}
} % produced with chatgpt